@inproceedings{chan2010counting,
  title={Counting inversions, offline orthogonal range counting, and related problems},
  author={Chan, Timothy M and P{\u{a}}tra{\c{s}}cu, Mihai},
  booktitle={Proceedings of the twenty-first annual ACM-SIAM symposium on Discrete Algorithms},
  pages={161--173},
  year={2010},
  organization={SIAM}
}

@article{pal2009interval,
  title={Interval tree and its applications},
  author={Pal, Anita and Pal, Madhumangal},
  journal={Advanced Modeling and Optimization},
  volume={11},
  number={3},
  pages={211--224},
  year={2009}
}

@inproceedings{kaplan2012submatrix,
  title={Submatrix maximum queries in Monge matrices and Monge partial matrices, and their applications},
  author={Kaplan, Haim and Mozes, Shay and Nussbaum, Yahav and Sharir, Micha},
  booktitle={Proceedings of the twenty-third annual ACM-SIAM symposium on Discrete Algorithms},
  pages={338--355},
  year={2012},
  organization={SIAM}
}

@phdthesis{bost2013submatrix,
  title={Submatrix maximum queries in Monge matrices: an implementation},
  author={Bost, Rapha{\"e}l},
  year={2013},
  school={Master thesis, Brown university}
}

@inproceedings{gawrychowski2014improved,
  title={Improved submatrix maximum queries in Monge matrices},
  author={Gawrychowski, Pawe{\l} and Mozes, Shay and Weimann, Oren},
  booktitle={International Colloquium on Automata, Languages, and Programming},
  pages={525--537},
  year={2014},
  organization={Springer}
}

@article{amir2004faster,
  title={Faster algorithms for string matching with k mismatches},
  author={Amir, Amihood and Lewenstein, Moshe and Porat, Ely},
  journal={Journal of Algorithms},
  volume={50},
  number={2},
  pages={257--275},
  year={2004},
  publisher={Elsevier}
}

@inproceedings{tiskin2011towards,
  title={Towards approximate matching in compressed strings: Local subsequence recognition},
  author={Tiskin, Alexander},
  booktitle={International Computer Science Symposium in Russia},
  pages={401--414},
  year={2011},
  organization={Springer}
}

@article{baeza2000new,
  title={New models and algorithms for multidimensional approximate pattern matching},
  author={Baeza-Yates, Ricardo and Navarro, Gonzalo},
  journal={J. Discret. Algorithms},
  volume={1},
  number={1},
  pages={21--49},
  year={2000}
}

@article{navarro2000improved,
  title={Improved approximate pattern matching on hypertext},
  author={Navarro, Gonzalo},
  journal={Theoretical Computer Science},
  volume={237},
  number={1-2},
  pages={455--463},
  year={2000},
  publisher={Elsevier}
}

@article{lipsky2011approximate,
  title={Approximate pattern matching with the L 1, L 2 and Lâˆž metrics},
  author={Lipsky, Ohad and Porat, Ely},
  journal={Algorithmica},
  volume={60},
  number={2},
  pages={335--348},
  year={2011},
  publisher={Springer}
}



@article{arslan2015pattern,
  title={Pattern matching with wildcards and length constraints using maximum network flow},
  author={Arslan, Abdullah N and He, Dan and He, Yu and Wu, Xindong},
  journal={Journal of Discrete Algorithms},
  volume={35},
  pages={9--16},
  year={2015},
  publisher={Elsevier}
}

@article{zhang2017approximate,
  title={On approximate pattern matching with thresholds},
  author={Zhang, Peng and Atallah, Mikhail J},
  journal={Information Processing Letters},
  volume={123},
  pages={21--26},
  year={2017},
  publisher={Elsevier}
}

@inproceedings{tiskin2006longest,
  title={Longest common subsequences in permutations and maximum cliques in circle graphs},
  author={Tiskin, Alexander},
  booktitle={Annual Symposium on Combinatorial Pattern Matching},
  pages={270--281},
  year={2006},
  organization={Springer}
}

@article{tiskin2015fast,
  title={Fast distance multiplication of unit-Monge matrices},
  author={Tiskin, Alexander},
  journal={Algorithmica},
  volume={71},
  number={4},
  pages={859--888},
  year={2015},
  publisher={Springer}
}

@inproceedings{tiskin2009periodic,
  title={Periodic string comparison},
  author={Tiskin, Alexander},
  booktitle={Annual Symposium on Combinatorial Pattern Matching},
  pages={193--206},
  year={2009},
  organization={Springer}
}


@article{gawrychowski2020submatrix,
  title={Submatrix Maximum Queries in Monge and Partial Monge Matrices Are Equivalent to Predecessor Search},
  author={Gawrychowski, Pawe{\l} and Mozes, Shay and Weimann, Oren},
  journal={ACM Transactions on Algorithms (TALG)},
  volume={16},
  number={2},
  pages={1--24},
  year={2020},
  publisher={ACM New York, NY, USA}
}


@article{tiskin2008semi,
  title={Semi-local string comparison: Algorithmic techniques and applications},
  author={Tiskin, Alexander},
  journal={Mathematics in Computer Science},
  volume={1},
  number={4},
  pages={571--603},
  year={2008},
  publisher={Springer}
}


@article{luciv2019interactive,
  title={Interactive near duplicate search in software documentation},
  author={Luciv, Dmitry V and Koznov, Dmitrij V and Shelikhovskii, AA and Romanovsky, K Yu and Chernishev, George A and Terekhov, Andrey N and Grigoriev, Dmitry A and Smirnova, Anna N and Borovkov, DV and Vasenina, AI},
  journal={Programming and Computer Software},
  volume={45},
  number={6},
  pages={346--355},
  year={2019},
  publisher={Springer}
}

@Article{KoMa14,
  title =	 {An Adaptive Shifted Power Method for Computing
                  Generalized Tensor Eigenpairs},
  author =	 {Tamara G. Kolda and Jackson R. Mayo},
  doi =		 {10.1137/140951758},
  journal =	 {SIAM Journal on Matrix Analysis and Applications},
  number =	 4,
  volume =	 35,
  year =	 2014,
  month =	 dec,
  pages =	 {1563--1581},
}

@Misc{siam,
  key = {zzz},
  title =	 {{SIAM} Style Manual: For journals and books},
  year =	 2013,
url = {https://www.siam.org/journals/pdf/stylemanual.pdf}}

@Misc{Hi14,
  author =	 {Nick Higham},
  title =	 {A Call for Better Indexes},
  howpublished = {SIAM Blogs},
  year =	 2014,
  month =	 nov,
  url =		 {http://blogs.siam.org/a-call-for-better-indexes/},
  urldate =	 {2015-04-05}
}

@Misc{PeKoPi14,
  title = {Accelerating Community Detection by Using {K}-core Subgraphs},
  author =	 {Chengbin Peng and Tamara G. Kolda and Ali Pinar},
  eprint =	 {1403.2226},
  year =	 2014,
  month =	 mar,
  eprintclass =	 {math.NA}
}


@Article{WoZhMeSh05,
  author =	 {Woessner, Donald E. and Zhang, Shanrong and
                  Merritt, Matthew E. and Sherry, A. Dean},
  title = {Numerical Solution of the {Bloch} Equations Provides Insights 
                  into the Optimum Design of {PARACEST} Agents for {MRI}},
  journal =	 {Magnetic Resonance in Medicine},
  doi =		 {10.1002/mrm.20408},
  volume =	 53,
  number =	 4,
  month =	 apr,
  year =	 2005,
  pages =	 {790--799},
  archiveprefix = {PubMed},
  archive =	 {https://www.ncbi.nlm.nih.gov/pubmed},
  eprint =	 {15799055}
}

@Article{Ne03,
  title =	 {Properties of Highly Clustered Networks},
  author =	 {Newman, M. E. J.},
  doi =		 {10.1103/PhysRevE.68.026121},
  journal =	 {Phys. Rev. E},
  volume =	 {68},
  year =	 {2003},
  eid =		 {026121},
  pagetotal =	 6,
  month =	 aug,
}

@misc{clawpack,
  title =	 {Clawpack Software},
  author =	 {{Clawpack Development Team}},
  url =		 {http://www.clawpack.org},
  urldate =	 {2015/05/14},
  note =	 {Version 5.2.2},
  year =	 2015
}

@Misc{AMSMSC2010,
  title =	 {{Mathematics Subject Classification}},
  author =	 {{American Mathematical Society}},
  year =	 {2010},
  url =		 {http://www.ams.org/mathscinet/msc/msc2010.html},
  urldate =	 {2015/03/29},
}


@book{La86,
  author =	 "Leslie Lamport",
  title =	 "\LaTeX: A Document Preparation System",
  publisher =	 "Addison--Wesley",
  year =	 "1986",
  address =	 "Reading, MA"
}

@Book{MiGo04,
  author =	 {Frank Mittlebach and Michel Goossens},
  title =	 {The \LaTeX\ Companion},
  publisher =	 {Addison--Wesley},
  year =	 2004,
  edition =	 {2nd}}

@Book{GoVa13,
  author =	 {Golub, Gene H. and Van Loan, Charles F.},
  title =	 {Matrix Computations},
  publisher =	 {The Johns Hopkins University Press},
  address =	 {Baltimore},
  year =	 2013,
  edition =	 {4th}
}


@Misc{CalcI,
  author =	 {Paul Dawkins},
  title =	 {Paul's Online Math Notes: Calculus {I} --- Notes},
  url =               {http://tutorial.math.lamar.edu/Classes/CalcI/MeanValueTheorem.aspx},
  urldate =	 {2015-07-08}}

@Misc{amsmath,
  author =	 {{American Mathematical Society}},
  title =	 {User's Guide for the \texttt{amsmath} Package
                  (Version 2.0)},
  url =		 {ftp://ftp.ams.org/pub/tex/doc/amsmath/amsldoc.pdf},
  urldate =	 {2015-07-30},
  year =	 2002}

@Misc{shortmath,
  author =	 {Michael Downes},
  title =	 {Short Math Guide for {\LaTeX}},
  url =		 {ftp://ftp.ams.org/pub/tex/doc/amsmath/short-math-guide.pdf},
  urldate =	 {2015-07-30},
  year =	 2002}

@Misc{pgfplots,
  author =	 {Christian Feuers\"anger},
  title =	 {Manual for Package \texttt{PGFPLOTS}},
  month =	 may,
  year =	 2015,
  url =		 {http://sourceforge.net/projects/pgfplots}
}

